%==============================================================
% 规范类
%==============================================================
@misc{C1,
   author = {铁道第一勘察设计院},
   title = {铁路工程抗震设计规范(GB 50111-2006)},
   PUBLISHER = {中国计划出版社},
   volume = {},
   year = {2006},
   address =  {北京},
   TypeofLit = {S}
}
@misc{C2,
   author = {重庆交通科研设计院},
   title = {公路桥梁抗震设计细则(JTG/T B02-2008)},
   PUBLISHER = {人民交通出版社},
   volume = {},
   year = {2008},
   address =  {北京},
   TypeofLit = {S}
}
@misc{C3,
   author = {中交路桥技术有限公司},
   title = {公路工程抗震规范(JTG B02-2013)},
   PUBLISHER = {人民交通出版社},
   volume = {},
   year = {2013},
   address =  {北京},
   TypeofLit = {S}
}
@misc{C4,
   author = {同济大学},
   title = {城市桥梁抗震设计规范(CJJ 166-2011)},
   PUBLISHER = {中国建筑工业出版社},
   year = {2011},
   address =  {北京},
   TypeofLit = {S}
}
@misc{C5,
   author = {ATC-40},
   title = {Seismic Evaluation and Retrofit of Concrete Buildings},
   PUBLISHER = {Applied Technology Council},
   year = {1966},
   address =  {California},
   TypeofLit = {S}
}
@misc{C6,
   author = {FEMA-273},
   title = {Guidelines for the Seismic Rehabilitation of Buildings},
   PUBLISHER = {Federal Emergency Management Agency},
   year = {1997},
   address =  {Washington D.C},
   TypeofLit = {S}
}
@misc{C7,
   author = {AASHTO},
   title = {Standard Specifications for Highway Bridges},
   PUBLISHER = {American Association of State Highway and Trans Officials},
   year = {1995},
   address =  {Washington D.C},
   TypeofLit = {S}
}
@misc{C8,
   author = {CEN},
   title = {Eurocode8-Design Provisions for Earthquake Resisitanc of Structures},
   PUBLISHER = {American Association of State Highway and Trans Officials},
   year = {1994},
   address =  {Brussels},
   TypeofLit = {S}
}
@misc{C9,
   author = {ASCE},
   title = {Seismic Evaluation and Retrofit of Existing Buildings},
   PUBLISHER = {American Society of Civil Engineers},
   year = {2013},
   address =  {Virginia},
   TypeofLit = {S}
}
@misc{ACI318,
   author = {ACI},
   title = {Building code requirements for structural concrete and commentary(ACI318-11)},
   PUBLISHER = {American Concrete Institute},
   year = {2011},
   address =  {Detroit},
   TypeofLit = {S}
}
%==============================================================
% 学位论文
%==============================================================
@PHDTHESIS{bentz2000,
   author = {Bentz,E},
   title = {Sectional analysis of reinforced concrete members},
   year = {2000}, 
   address = {Canada},
   school = {University of Toronto},
}
@MASTERSTHESIS{liguiqian,
  AUTHOR = {李贵乾},
  TITLE = {钢筋混凝土桥墩抗震性能试验研究及数值分析},
  school = {重庆交通大学},
  YEAR = {2010},
  address = {重庆},
  language = {Chinese},
}
@MASTERSTHESIS{zuoxiaoming,
  AUTHOR = {左晓明},
  TITLE = {钢筋混凝土桥墩试验研究及MARC有限元数值模拟},
  school = {合肥工业大学},
  YEAR = {2005},
  address = {合肥},
  language = {Chinese},
}
@PHDTHESIS{sbj,
  AUTHOR = {司炳君},
  TITLE = {普通及高强钢筋混凝土桥墩地震抗剪强度研究},
  school = {大连理工大学},
  YEAR = {2008},
  address = {大连},
  language = {Chinese},
}
@PHDTHESIS{szg,
  AUTHOR = {孙治国},
  TITLE = {钢筋混凝土桥墩抗震变形能力研究},
  school = {中国地震局工程力学研究所},
  YEAR = {2012},
  address = {哈尔滨},
  language = {Chinese},
}
%==============================================================
% 文章
%==============================================================
@article{bentz2006,
   author = {Bentz,E and Vecchioand,F},
   title = {Simplified modified compression field theory for calculating shear strength of reinforced concrete elements},
   journal = {ACI Structural Journal},
   year = {2006},
   volume = {103},
   pages = {614-623},
}
@article{Timoshenko,
   author = {Timoshenko,S},
   title = {History of strength of materials},
   journal = {McGraw-Hill},
   year = {1953},
}
@article{FMK,
   author = {Scott,Michael H and Fenves,G L and McKenna,F and Filippou,F},
   title = {Software patterns for nonlinear beam-column models},
   journal = {Journal of Structural Engineering},
   year = {2008},
   volume = {134},
   pages = {562-571},
}
@article{sung,
   author = {Sung,Y C and Liu,K Y and Su,C K and Chang,K C},
   title = {A study on pushover analysis of reinforced concrete columns},
   journal = {Structural Engineering and Mechanics},
   year = {2008},
   volume = {21},
   pages = {35–52},
}
@article{chung,
   author = {Chung,L L and Yang,Y S and Lien,K H and Wu,L Y},
   title = {In-situ experiment on retrofit of school buildings by adding sandwich columns to partition brick walls},
   journal = {Earthquake Engineering and Structural Dynamics},
   year = {2013},
}
@article{elwood,
   author = {Elwood,K J},
   title = {Modelling Ffailures in existing reinforced concrete columns},
   journal = {Canada Journal of Civil Engineering},
   year = {2004},
   volume = {31},
   pages = {846-859},
}
%==============================================================
% 图书
%==============================================================
@BOOK{B1,
  AUTHOR = {Paulay,T and Priestley,M J N},
  TITLE = {Seismic Design of Reinforced Concrete and Masonry Buildings},
  PUBLISHER = {JohnWiley and Sons Inc},
  YEAR = {1992},
  address = {New York},
}
%==============================================================
% 其他
%==============================================================
@TECHREPORT{R1,
  AUTHOR = {Michael,B and Myles,P and Marc,E},  
  TITLE = {PEER Structural Performance Database User’s Manual},
  institution = {Pacific Earthquake Engineering Research Center},
  YEAR = {2004},
  address = {Berkeley},
}

%normalAUTHOR = {{U. S. Department of Transportation Federal Highway Administration}},